@inproceedings{devault2004interpreting,
  title={Interpreting vague utterances in context},
  author={DeVault, David and Stone, Matthew},
  booktitle={Proceedings of the 20th international conference on Computational Linguistics},
  pages={1247},
  year={2004},
  organization={Association for Computational Linguistics}
}

@inproceedings{han2018placing,
  title={Placing Objects in Gesture Space: Toward Incremental Interpretation of Multimodal Spatial Descriptions},
  author={Han, Ting and Kennington, Casey and Schlangen, David},
  booktitle={Thirty-Second AAAI Conference on Artificial Intelligence},
  year={2018}
}

@article{hanna2003effects,
  title={The effects of common ground and perspective on domains of referential interpretation},
  author={Hanna, Joy E and Tanenhaus, Michael K and Trueswell, John C},
  journal={Journal of Memory and Language},
  volume={49},
  number={1},
  pages={43--61},
  year={2003},
  publisher={Elsevier}
}

book{clark1996using,
  title={Using language},
  author={Clark, Herbert H},
  year={1996},
  publisher={Cambridge university press}
}

@inproceedings{kondaxakis2016temporal,
  title={Temporal arm tracking and probabilistic pointed object selection for robot to robot interaction using deictic gestures},
  author={Kondaxakis, Polychronis and Gulzar, Khurram and Kyrki, Ville},
  booktitle={2016 IEEE-RAS 16th International Conference on Humanoid Robots (Humanoids)},
  pages={186--193},
  year={2016},
  organization={IEEE}
}
@inproceedings{holladay2014legible,
  title={Legible robot pointing},
  author={Holladay, Rachel M and Dragan, Anca D and Srinivasa, Siddhartha S},
  booktitle={The 23rd IEEE International Symposium on robot and human interactive communication},
  pages={217--223},
  year={2014},
  organization={IEEE}
}
@article{kennington2013interpreting,
  title={Interpreting situated dialogue utterances: an update model that uses speech, gaze, and gesture information},
  author={Kennington, Casey and Kousidis, Spyridon and Schlangen, David},
  journal={Proceedings of SigDial 2013},
  year={2013}
}
@inproceedings{whitney2016interpreting,
  title={Interpreting multimodal referring expressions in real time},
  author={Whitney, David and Eldon, Miles and Oberlin, John and Tellex, Stefanie},
  booktitle={2016 IEEE International Conference on Robotics and Automation (ICRA)},
  pages={3331--3338},
  year={2016},
  organization={IEEE}
}


@article{cha2018survey,
  title={A survey of nonverbal signaling methods for non-humanoid robots},
  author={Cha, Elizabeth and Kim, Yunkyung and Fong, Terrence and Mataric, Maja J and others},
  journal={Foundations and Trends{\textregistered} in Robotics},
  volume={6},
  number={4},
  pages={211--323},
  year={2018},
  publisher={Now Publishers, Inc.}
}

@inproceedings{tellex2011understanding,
  title={Understanding natural language commands for robotic navigation and mobile manipulation},
  author={Tellex, Stefanie and Kollar, Thomas and Dickerson, Steven and Walter, Matthew R and Banerjee, Ashis Gopal and Teller, Seth and Roy, Nicholas},
  booktitle={Twenty-Fifth AAAI Conference on Artificial Intelligence},
  year={2011}
}


@inproceedings{kollar2014grounding,
  title={Grounding verbs of motion in natural language commands to robots},
  author={Kollar, Thomas and Tellex, Stefanie and Roy, Deb and Roy, Nicholas},
  booktitle={Experimental robotics},
  pages={31--47},
  year={2014},
  organization={Springer}
}

@inproceedings{boularias2016learning,
  title={Learning Qualitative Spatial Relations for Robotic Navigation.},
  author={Boularias, Abdeslam and Duvallet, Felix and Oh, Jean and Stentz, Anthony},
  booktitle={IJCAI},
  pages={4130--4134},
  year={2016}
}

@inproceedings{mei2016listen,
  title={Listen, attend, and walk: Neural mapping of navigational instructions to action sequences},
  author={Mei, Hongyuan and Bansal, Mohit and Walter, Matthew R},
  booktitle={Thirtieth AAAI Conference on Artificial Intelligence},
  year={2016}
}

@inproceedings{zhao2016experimental,
  title={An experimental study for identifying features of legible manipulator paths},
  author={Zhao, Min and Shome, Rahul and Yochelson, Isaac and Bekris, Kostas and Kowler, Eileen},
  booktitle={Experimental Robotics},
  pages={639--653},
  year={2016},
  organization={Springer}
}


@inproceedings{littlefield2014extensible,
  title={An extensible software architecture for composing motion and task planners},
  author={Littlefield, Zakary and Krontiris, Athanasios and Kimmel, Andrew and Dobson, Andrew and Shome, Rahul and Bekris, Kostas E},
  booktitle={International Conference on Simulation, Modeling, and Programming for Autonomous Robots},
  pages={327--339},
  year={2014},
  organization={Springer}
}


@incollection{kita2003pointing,
  title={Pointing: A foundational building block of human communication},
  author={Kita, Sotaro},
  booktitle={Pointing},
  pages={9--16},
  year={2003},
  publisher={Psychology Press}
}


@article{kita2003interplay,
  title={Interplay of gaze, hand, torso orientation, and language in pointing},
  author={Kita, Sotaro},
  journal={Pointing: where language, culture, and cognition meet},
  pages={307--328},
  year={2003},
  publisher={ed}
}

@article{clark2003pointing,
  title={Pointing and placing},
  author={Clark, Herbert H},
  journal={Pointing: Where language, culture, and cognition meet},
  volume={243},
  pages={268},
  year={2003}
}

@incollection{goodwin2003pointing,
  title={Pointing as situated practice},
  author={Goodwin, Charles},
  booktitle={Pointing},
  pages={225--250},
  year={2003},
  publisher={Psychology Press}
}


@article{kyburg2000fitting,
  title={Fitting words: Vague language in context},
  author={Kyburg, Alice and Morreau, Michael},
  journal={Linguistics and Philosophy},
  volume={23},
  number={6},
  pages={577--597},
  year={2000},
  publisher={Springer}
}


@article{clark1991grounding,
  title={Grounding in communication},
  author={Clark, Herbert H and Brennan, Susan E and others},
  journal={Perspectives on socially shared cognition},
  volume={13},
  number={1991},
  pages={127--149},
  year={1991}
}


@article{graff2000shifting,
  title={Shifting sands: An interest-relative theory of vagueness},
  author={Graff, Delia},
  journal={Philosophical topics},
  volume={28},
  number={1},
  pages={45--81},
  year={2000}
}

@inproceedings{kranstedt2005deixis,
  title={Deixis: How to determine demonstrated objects using a pointing cone},
  author={Kranstedt, Alfred and L{\"u}cking, Andy and Pfeiffer, Thies and Rieser, Hannes and Wachsmuth, Ipke},
  booktitle={International Gesture Workshop},
  pages={300--311},
  year={2005},
  organization={Springer}
}

@article{lakens2017equivalence,
  title={Equivalence tests: a practical primer for t tests, correlations, and meta-analyses},
  author={Lakens, Dani{\"e}l},
  journal={Social psychological and personality science},
  volume={8},
  number={4},
  pages={355--362},
  year={2017},
  publisher={Sage Publications Sage CA: Los Angeles, CA}
}

@book{kendon:2004,
author = {Adam Kendon},
year = {2004},
title = {Gesture: Visible Action as Utterance},
publisher = {Cambridge University Press}
}


@article{rieser2004pointing,
  title={Pointing in dialogue},
  author={Rieser, Hannes},
  journal={Catalog},
  volume={4},
  pages={93--101},
  year={2004}
}

@inproceedings{kranstedt2003deixis,
  title={Deixis in multimodal human computer interaction: An interdisciplinary approach},
  author={Kranstedt, Alfred and K{\"u}hnlein, Peter and Wachsmuth, Ipke},
  booktitle={International Gesture Workshop},
  pages={112--123},
  year={2003},
  organization={Springer}
}

